<record><leader>00000cas a22000007a 4500</leader><controlfield tag="001">43762832</controlfield><controlfield tag="008">000403c20009999caudn n       0   a0kor c</controlfield><datafield ind1=" " ind2=" " tag="010"><subfield code="a">   00211797 </subfield></datafield><datafield ind1=" " ind2=" " tag="040"><subfield code="a">NSD</subfield><subfield code="b">eng</subfield><subfield code="c">NSD</subfield><subfield code="d">CUI</subfield><subfield code="d">OCLCQ</subfield><subfield code="d">CUS</subfield></datafield><datafield ind1=" " ind2=" " tag="066"><subfield code="c">$1</subfield></datafield><datafield ind1=" " ind2=" " tag="012"><subfield code="m">y</subfield></datafield><datafield ind1="1" ind2=" " tag="022"><subfield code="a">1529-5176</subfield><subfield code="l">1529-5176</subfield><subfield code="y">0746-4312</subfield><subfield code="2">1</subfield></datafield><datafield ind1=" " ind2=" " tag="032"><subfield code="a">577580</subfield><subfield code="b">USPS</subfield></datafield><datafield ind1=" " ind2=" " tag="037"><subfield code="b">Korea Times, 4525 Wilshire Blvd., Los Angeles, CA 90010-3837</subfield></datafield><datafield ind1=" " ind2=" " tag="042"><subfield code="a">nsdp</subfield><subfield code="a">pcc</subfield></datafield><datafield ind1="1" ind2="4" tag="050"><subfield code="a">AN</subfield></datafield><datafield ind1="0" ind2=" " tag="130"><subfield code="a">Korea times (Los Angeles, Calif.)</subfield></datafield><datafield ind1=" " ind2="4" tag="222"><subfield code="a">The Korea times</subfield><subfield code="b">(Los Angeles, Calif.)</subfield></datafield><datafield ind1="1" ind2="4" tag="245"><subfield code="6">880-01</subfield><subfield code="a">The Korea times =</subfield><subfield code="b">Han'guk ilbo.</subfield></datafield><datafield ind1="1" ind2="1" tag="246"><subfield code="6">880-02</subfield><subfield code="a">Han'guk ilbo</subfield></datafield><datafield ind1=" " ind2=" " tag="260"><subfield code="a">Los Angeles, CA :</subfield><subfield code="b">Korea Times Los Angeles, Inc.</subfield></datafield><datafield ind1=" " ind2=" " tag="300"><subfield code="a">v.</subfield></datafield><datafield ind1=" " ind2=" " tag="310"><subfield code="a">Daily (except Sunday and certain holidays)</subfield></datafield><datafield ind1=" " ind2=" " tag="588"><subfield code="a">Description based on: Tuesday, Feb. 22, 2000.</subfield></datafield><datafield ind1=" " ind2=" " tag="752"><subfield code="a">United States</subfield><subfield code="b">California</subfield><subfield code="c">Los Angeles</subfield><subfield code="d">Los Angeles.</subfield></datafield><datafield ind1="0" ind2="0" tag="780"><subfield code="t">Han 'guk ilbo, Rosu&#774;enjelsu&#774;</subfield><subfield code="x">0746-4312</subfield><subfield code="w">(DLC)sn 83004545</subfield></datafield><datafield ind1="1" ind2=" " tag="787"><subfield code="t">Han 'guk ilbo</subfield><subfield code="w">(OCoLC)8735498</subfield></datafield><datafield ind1="1" ind2="4" tag="880"><subfield code="6">245-01/$1</subfield><subfield code="a">The Korea times =</subfield><subfield code="b">&#54620;&#44397;&#51068;&#48372;.</subfield></datafield><datafield ind1="1" ind2="1" tag="880"><subfield code="6">246-02/$1</subfield><subfield code="a">&#54620;&#44397;&#51068;&#48372;</subfield></datafield></record>